@article{Author:year:XYZ,
 author = {Name1, Firstname 1 and Name2, Firstname2},
 title = {A dummy title},
 journal = {A Fake Journal},
 issue_date = {June YYYY},
 volume = {1},
 number = {1},
 month = jun,
 year = {YYYY},
 issn = {0000-0000},
 pages = {000--000},
 numpages = {10},
} 

% biblex and papers can be found at:
% http://www.dblp.org/

@misc{url:perf_wiki,
 title = {Perf Wiki},
 note = {Available online at \url{https://perf.wiki.kernel.org/index.php/Main_Page}}
}

@misc{url:sysbench_wiki,
 title = {Sysbench - Gentoo Wiki},
 note = {Available online at \url{http://wiki.gentoo.org/wiki/Sysbench}}
}

@misc{url:fftw,
 title = {fftw},
 note = {Available online at \url{http://www.fftw.org/}}
}

@misc{url:libsndfile,
 title = {libsndfile},
 note = {Available online at \url{http://www.mega-nerd.com/libsndfile/}}
}
